% 厚生労働省 ポスター
@Misc{ministry,
 author = "Prime Minister's Office Of Japan",
 title = {Prime Minister's Residence},
 howpublished = {"\url{https://www.kantei.go.jp/jp/content/000062771.pdf}"}
}

% 鹿島建設株式会社
@Misc{kajima,
 author = "Kajima Corporation",
 title = {Smart Buildings Support Workers' Health Behaviors},
 howpublished = {"\url{https://www.kajima.co.jp/news/press/202107/6a1-j.htm}"}
}

% 三菱電機
@Misc{elenavi,
 author = "Mitsubishi Electric Corporation",
 title = {Solving Elevator Congestion with ELE-NAVI},
 howpublished = {"\url{https://www.mitsubishielectric.co.jp/elevator/nayami/002/}"}
}

% COCOA BLE規格
@Misc{cocoa_ble,
 author = "Google",
 title = {Contact Tracing - Bluetooth Specification v1.1},
 howpublished = {"\url{https://blog.google/documents/58/Contact\_Tracing\_-\_Bluetooth\_Specification\_v1.1\_RYGZbKW.pdf}"}
}

%%%%%%%%%%%%%%%%%%%%%%%%%%%%%%%%%%%%%%%%%%%%%%%%
% 関連研究
%%%%%%%%%%%%%%%%%%%%%%%%%%%%%%%%%%%%%%%%%%%%%%%%

% 群衆をマクロにとらえる画像処理技術
@techreport{research_camera,
 author="H. Arai and N. Ito and N. Taniguti",
 title="Image Processing Techniques for Capturing Crowds at a Macroscopic Level - Estimating the Number of People Based on Geometric Models of People and Crowds and Its Applications",
 year="2014",
 institution="NTT Media Intelligence Laboratory, NTT Media Intelligence Laboratory, NTT Media Intelligence Laboratory",
 number="13",
 month="jan"
}

% バス停混雑度可視化システムitocon（いとこん）
@inproceedings{research_itocon,
 author="R. Takahashi and K. Hayashi and Y. Mitsukude and M. Ninomata and S. Inoue and S. Matsuo and S. Ishida and Y. Arakawa and S. Takano",
 title="Bus stop congestion visualization system itocon",
 booktitle="Proceedings of the 28th Workshop on Multimedia Communication and Distributed Processing",
 year="2020",
 volume="",
 number="",
 pages="227--230",
 month="nov"
}

% 実時間画像処理によるエレベータ乗場の人数計測と車椅子の識別
@article{research_elevator_camera,
  title={Counting People and Recognition of Wheelchairs at Elevator Lobby by Real-time Image Processing},
  author={H. Uchidate and R. Inoda and T. Tsuji and S. Abe},
  journal={IEEJ Transactions D (Journal of Industrial Application Division)},
  volume={129},
  number={6},
  pages={578--584},
  year={2009},
  publisher={The Institute of Electrical Engineers of Japan}
}

% エレベーター動作履歴に基づく乗場待ち客数の推定
@inproceedings{research_elevator_log,
  title={Estimating Passenger Queue Length Based on Elevator Control Log},
  author={H. Taguchi and N. Suzuki and M. Shikai},
  booktitle={IEICE Conferences Archives},
  year={2015},
  organization={The Institute of Electronics, Information and Communication Engineers}
}

@inproceedings{komai2016beacon,
  title={Beacon-based multi-person activity monitoring system for day care center},
  author={Komai, Kiyoaki and Fujimoto, Manato and Arakawa, Yutaka and Suwa, Hirohiko and Kashimoto, Yukitoshi and Yasumoto, Keiichi},
  booktitle={2016 IEEE International Conference on Pervasive Computing and Communication Workshops (PerCom Workshops)},
  pages={1--6},
  year={2016},
  organization={IEEE}
}

@inproceedings{komai2016elderly,
  title={Elderly person monitoring in day care center using Bluetooth Low Energy},
  author={Komai, Kiyoaki and Fujimoto, Manato and Arakawa, Yutaka and Suwa, Hirohiko and Kashimoto, Yukitoshi and Yasumoto, Keiichi},
  booktitle={2016 10th International Symposium on Medical Information and Communication Technology (ISMICT)},
  pages={1--5},
  year={2016},
  organization={IEEE}
}

@conference{kanamitu-2021-dicomo,
title = {Estimating Congestion on a Bus Route Using BLE},
author = {Y. Kanemitu and E. TAYA and K. Tachibana and Y. Nakamura and Y. Matuda and H. Suwa and K. Yasumoto},
year  = {2021},
date = {2021-06-30},
booktitle = {Information Processing Society of Japan DICOMO Symposium},
keywords = {BLE, bus, Congestion detection},
pubstate = {published},
tppubtype = {conference}
}

@conference{ipsj-taikai-2020-matsumoto,
title = {Initial Evaluation of Device-Free Indoor Congestion Estimation Using Wireless LAN},
author = {T. Matumoto and R. Takahashi and S. Ishida and Y. Arakawa},
year = {2020},
date = {2020-03-05},
booktitle = {The 82nd National Convention of Information Processing Society of Japan},
keywords = {},
pubstate = {published},
tppubtype = {conference}
}

@article{misc/26987957,
title = {Construction of IoT2H Tourism Information Application for Kyoto Inbound Tourism},
author = {Y. Suzuki and M. Manato and K. Yoshino and M. Hidaka and Nguyen Quynh Mai and K. Nagano and Y. Nakamura and A. Otubo and S. Tanaka and K. Yasumoto and T. Nakamura},
journal = {The 11th Forum on Data Engineering and Information Management (DEIM2019)},
month = {3},
year = {2019}
}

@inproceedings{umeki2018real,
  title={Real-Time Congestion Estimation in Sightseeing Spots with BLE Devices},
  author={Umeki, Kazuhito and Nakamura, Yugo and Fujimoto, Manato and Arakawa, Yutaka and Yasumoto, Keiichi},
  booktitle={2018 IEEE International Conference on Pervasive Computing and Communications Workshops (PerCom Workshops)},
  pages={430--432},
  year={2018},
  organization={IEEE}
}

@inproceedings{nakamura2021iot,
  title={IoT Nudge: IoT Data-driven Nudging for Health Behavior Change},
  author={Nakamura, Yugo  and Matsuda, Yuki},
  booktitle={Adjunct Proceedings of the 2021 ACM International Joint Conference on Pervasive and Ubiquitous Computing and Proceedings of the 2021 ACM International Symposium on Wearable Computers},
  pages={51--53},
  year={2021}
}
